@article{chistikov2020big,
  title={The Big-O Problem for Labelled Markov Chains and Weighted Automata},
  author={Chistikov, Dmitry and Kiefer, Stefan and Murawski, Andrzej S and Purser, David},
  journal={arXiv preprint arXiv:2007.07694},
  year={2020}
}